%% This BibTeX bibliography file was created using BibDesk.
%% http://bibdesk.sourceforge.net/


%% Created for Lizbeth Naranjo Albarr{\~A}!`n at 2015-01-19 16:50:25 -0600


%% Saved with string encoding Unicode (UTF-8)


@ARTICLE{treat1,
author = {Wohl, D. A. and Yazdanpanah, Y. and Baumgarten, A. and \textit{et al.}}, 
year = {2019}, 
title = {Bictegravir combined with emtricitabine and tenofovir alafenamide versus dolutegravir, abacavir, and lamivudine for initial treatment of {HIV}-1 infection: week 96 results from a randomised, double-blind, multicentre, phase 3, non-inferiority trial},
journal = {Lancet HIV},
volume = {6},
number = {6}, 
pages = {e355--e363},
}
%author = {Wohl, D. A. and Yazdanpanah, Y. and Baumgarten, A. and Clarke, A. and Thompson, M. A. and Brinson, C. and Hagins, D. and Ramgopal, M. N. and Antinori, A. and Wei, X. and Acosta, R. and Collins, S. E. and Brainard, D. and Martin, H.}, 
%url = {https://doi.org/10.1016/S2352-3018(19)30077-3},

@ARTICLE{treat2,
author = {Calmy, A. and Tovar Sanchez, T. and Kouanfack, C. and \textit{et al.}},
year = {2020},  
title = {Dolutegravir-based and low-dose efavirenz-based regimen for the initial treatment of {HIV}-1 infection ({NAMSAL}): week 96 results from a two-group, multicentre, randomised, open label, phase 3 non-inferiority trial in {C}ameroon},  
journal = {Lancet HIV}, 
volume = {7}, 
number = {10}, 
pages = {e677--e687},  
}
%author = {Calmy, A. and Tovar Sanchez, T. and Kouanfack, C. and Mpoudi-Etame, M. and Leroy, S. and Perrineau, S. and Lantche Wandji, M. and Tetsa Tata, D. and Omgba Bassega, P. and Abong Bwenda, T. and Varloteaux, M. and Tongo, M. and Mpoudi-Ngolé, E. and Montoyo, A. and Mercier, N.and LeMoing, V. and Peeters, M. and Reynes, J. and Delaporte, E. and {New Antiretroviral and Monitoring Strategies in HIV-infected Adults in Low-Income Countries (NAMSAL) ANRS 12313 Study Group}},
%url = {https://doi.org/10.1016/S2352-3018(20)30238-1},

@ARTICLE{treat3,
author = {Caro-Vega, Y. and Belaunzar\'an-Zamudio, P. F. and Crabtree-Ram\'irez, B. E. and \textit{et al.}},
year = {2018}, 
title = {Durability of Efavirenz Compared With Boosted Protease Inhibitor-Based Regimens in Antiretroviral-Na\"{i}ve Patients in the {C}aribbean and {C}entral and {S}outh {A}merica},
journal = {Open Forum Infectious Diseases}, 
volume = {5}, 
number = {3}, 
pages = {ofy004}, 
}
%author = {Caro-Vega, Y. and Belaunzar\'an-Zamudio, P. F. and Crabtree-Ram\'irez, B. E. and Shepherd, B. E. and Grinsztejn, B. and Wolff, M. and Pape, J. W. and Padgett, D. and Gotuzzo, E. and McGowan, C. C. and Sierra-Madero, J. G.},
%url = {https://doi.org/10.1093/ofid/ofy004},

@ARTICLE{Muthen2002,
author = {Muth\'en, B. O.}, 
title = {Beyond {SEM}: General latent variable modeling},  
journal = {Behaviormetrika}, 
year = {2002}, 
volume = {29}, 
number = {1}, 
pages = {81--117},
}

@INPROCEEDINGS{Muthen2004, 
author = {Muth\'en, B.}, 
title = {Latent variable analysis: Growth mixture modeling and related techniques for longitudinal data},
year = {2004},
editor = {D. Kaplan}, 
booktitle = {Handbook of Quantitative Methodology for the Social Sciences}, 
pages = {345--368}, 
address = {Newbury Parc, CA}, 
publisher = {Sage}, 
}
%url = {https://doi.org/10.4135/9781412986311.n19},   

@ARTICLE{libraryR, 
author = {Proust-Lima, Cécile and Philipps, Viviane and Liquet, Benoit},
year = {2017},
title = {Estimation of Extended Mixed Models Using Latent Classes and Latent Processes: The {R} Package lcmm},
journal = {Journal of Statistical Software},
volume = {78},
number = {2},
pages={1--56},
}
%url = {https://www.jstatsoft.org/index.php/jss/article/view/v078i02},
%doi = {10.18637/jss.v078.i02},

@ARTICLE{effect1,
author = {Castillo-Mancilla, J. R. and Brown, T. T. and Erlandson, K. M. and \textit{et al.}}, 
year = {2016},  
title = {Suboptimal Adherence to Combination Antiretroviral Therapy Is Associated With Higher Levels of Inflammation Despite {HIV} Suppression}, 
journal = {Clinical Infectious Diseases: an official publication of the Infectious Diseases Society of America}, 
volume = {63}, 
number = {12}, 
pages = {1661--1667}, 
}
%author = {Castillo-Mancilla, J. R. and Brown, T. T. and Erlandson, K. M. and Palella, F. J. {Jr} and Gardner, E. M. and Macatangay, B. J. and Breen, E. C. and Jacobson, L. P. and Anderson, P. L. and Wada, N. I.}, 
%url = {https://doi.org/10.1093/cid/ciw650},

@ARTICLE{effect2,
author = {Castillo-Mancilla, J. R. and Brown, T. T. and Palella, F. J. {Jr} and \textit{et al.}}, 
year = {2020}, 
title = {Partial Normalization of Biomarkers of Inflammation and Immune Activation Among Virally Suppressed Men With {HIV} Infection and High {ART} Adherence}, 
journal = {Open Forum Infectious Diseases}, 
volume = {7}, 
number = {4}, 
pages = {ofaa099},  
}
%author = {Castillo-Mancilla, J. R. and Brown, T. T. and Palella, F. J. {Jr} and Macatangay, B. and Breen, E. C. and Jacobson, L. P. and Wada, N. I.}, 
%url = {https://doi.org/10.1093/ofid/ofaa099},

@ARTICLE{effect3, 
author = {Castillo-Mancilla, J. R. and Phillips, A. N. and Neaton, J. D. and \textit{et al.}}, 
year = {2019}, 
title = {Incomplete {ART} adherence is associated with higher inflammation in individuals who achieved virologic suppression in the {START} study},  
journal = {Journal of the International AIDS Society}, 
volume = {22}, 
number = {6}, 
pages = {e25297}, 
}
%author = {Castillo-Mancilla, J. R. and Phillips, A. N. and Neaton, J. D. and Neuhaus, J. and Sharma, S. and Baker, J. V. and Collins, S. and Mannheimer, S. and Pett, S. and Touzeau-R\"{o}mer, V. and Polizzotto, M. N. and Lundgren, J. D. and Gardner, E. M. and {INSIGHT START Study Group}}, 
%url = {https://doi.org/10.1002/jia2.25297}, 

@ARTICLE{p22,
author = {Rebeiro, P. F. and Cesar, C. and Shepherd, B. E. and \textit{et al.}}, 
year = {2016},  
title = {Assessing the {HIV} Care Continuum in {L}atin {A}merica: progress in clinical retention, c{ART} use and viral suppression}, 
journal = {Journal of the International AIDS Society}, 
volume = {19}, 
number = {1}, 
pages = {20636}, 
}
%author = {Rebeiro, P. F. and Cesar, C. and Shepherd, B. E. and {De Boni}, R. B. and Cort\'es, C. P. and Rodriguez, F. and Belaunzar\'an-Zamudio, P. and Pape, J. W. and Padgett, D. and Hoces, D. and McGowan, C. C. and Cahn, P.}, 
%url = {https://doi.org/10.7448/IAS.19.1.20636}, 

@ARTICLE{p23,
author = {Sierra-Madero, J. G. and Belaunzar\'an-Zamudio, P. F. and Crabtree-Ram\'irez, B. and Magis-Rodriguez, C.}, 
year = {2019}, 
title = {Mexico's fragmented health system as a barrier to {HIV} care}, 
journal = {Lancet HIV}, 
volume = {6}, 
number = {2}, 
pages = {e74--e75}, 
}
%url = {https://doi.org/10.1016/S2352-3018(18)30356-4},

@ARTICLE{p25, 
author = {McMahon, J. H. and Jordan, M. R. and Kelley, K. and \textit{et al.}}, 
year = {2011}, 
title = {Pharmacy adherence measures to assess adherence to antiretroviral therapy: review of the literature and implications for treatment monitoring},
journal = {Clinical Infectious Diseases}, 
volume = {52}, 
number = {4}, 
pages = {493--506}, 
}
%author = {McMahon, J. H. and Jordan, M. R. and Kelley, K. and Bertagnolio, S. and Hong, S. Y. and Wanke, C. A. and Lewin, S. R. and Elliott, J. H.}, 
%url = {https://doi.org/10.1093/cid/ciq167},

@ARTICLE{p26,
author = {Boussari, Olayid\'e and Subtil, Fabien and Genolini, Christophe and \textit{et al.}}, 
title = {Impact of variability in adherence to {HIV} antiretroviral therapy on the immunovirological response and mortality},
journal = {BMC Medical Research Methodology}, 
year = {2015}, 
pages = {10}, 
volume = {15}, 
}
%author = {Boussari, Olayid\'e and Subtil, Fabien and Genolini, Christophe and Bastard, Mathieu and Iwaz, Jean and Fonton, No\"{e}l and Etard, Jean-François and Ecochard, Ren\'e and {for the ANRS 1215 study group}}, 
%url = {https://doi.org/10.1186/1471-2288-15-10}, 

@ARTICLE{sauter16, 
author = {Sauter, R. and Huang, R. and Ledergerber, B. and \textit{et al.}},
year = {2016},
title = {{CD4/CD8} ratio and {CD8} counts predict {CD4} response in {HIV}-1-infected drug naive and in patients on c{ART}},
journal = {Medicine}, 
volume = {95}, 
number = {42}, 
pages = {e5094}, 
}
%author = {Sauter, R. and Huang, R. and Ledergerber, B. and Battegay, M. and Bernasconi, E. and Cavassini, M. and Furrer, H. and Hoffmann, M. and Rougemont, M. and G\"unthard, H. F. and Held, L. and {the Swiss HIV cohort study}},
%url = {https://doi.org/10.1097/MD.0000000000005094}, 

@article{WANG2012300,
title = {Bayesian analysis of multivariate t linear mixed models using a combination of {IBF} and {G}ibbs samplers},
journal = {Journal of Multivariate Analysis},
volume = {105},
number = {1},
pages = {300-310},
year = {2012},
author = {Wan-Lun Wang and Tsai-Hung Fan},
}
%doi = {https://doi.org/10.1016/j.jmva.2011.10.006},
%url = {https://www.sciencedirect.com/science/article/pii/S0047259X11002016},

@article{Belaunzaran15,
title = {Monitoring of {HIV} treatment in seven countries in the {WHO} {R}egion of the {A}mericas},  
author = {Belaunzar\'an-Zamudio, P.F. and Caro-Vega, Yanink N. and Shepherd, Bryan E. and \textit{et al.}}, 
journal = {Bull. World Health Organ.},
volume = {93},
number = {8},
year = {2015}, 
month = {Aug 1},
pages = {529--39}, 
}
%author = {Belaunzar\'an-Zamudio, P.F. and Caro-Vega, Yanink N. and Shepherd, Bryan E. and Crabtree-Ram\'irez, B.E. and Luz, P.M. and Grinsztejn, B. and Cesar, C. and Cahn, P. and Cort\'es,  C. and Wolff, M. and Pape, J.W. and Padgett, D. and Gotuzzo, E. and Mc{G}owan, C. and Sierra-Madero, J.G. and {{CCASAnet}}}, 


@article{Han18,
author = {Han, W. and Apornpong, T. and Kerr, S. and \textit{et al.}}, 
title = {CD4/CD8 ratio normalization rates and low ratio as prognostic marker for non-{AIDS} defining events among long-term virologically suppressed people living with {HIV}},
journal = {AIDS Res Ther}, 
year = {2018}, 
month = {27 Sept},
volume = {15}, 
number = {1},
pages = {13},
}

@article{Lu15,
author = {Lu, W. and Mehraj, V. and Vyboh, K. and Cao, W. and  Li, T. and Routy, J.P.},
title = {{CD4:CD8} ratio as a frontier marker for clinical outcome, immune dysfunction and viral reservoir size in virologically suppressed {HIV}-positive patients}, 
journal = {J. Int. AIDS Soc.},
year = {2015},
month = {Jun 29},
volume = {18}, 
number = {1},
pages = {20052}, 
}

@article{Bruno17, 
author = {Bruno, G. and Saracino, A. and Monno, L. and  Angarano, G.},
title = {The Revival of an "Old" Marker: {CD4/CD8} Ratio},
journal = {AIDS Rev.},
month = {Apr-Jun},
year = {2017}, 
volume = {19}, 
number = {2}, 
pages = {81--88},
}

@INPROCEEDINGS{Aka73,
  author =  {Akaike, H.},
  title =   {Information theory and an extension of the maximum likelihood principle},
  booktitle =   {Proceedings of 2nd International Symposium on Information Theory},
  editor =  {B. N. Petrov and F. Csaki},
  year =    {1973},
  pages =   {267-281},
  publisher = 	{Acad\'{e}miai Kiado},
  address =     {Budapest, Hungary},
}

@ARTICLE{Sch78,
  author = 		{Schwarz, G.},
  title =		{Estimating the dimension of a model},
  journal = 	{The Annals of Statistics},
  year =		{1978},
  volume =		{6},
  number =	{2},
  pages =		{461-464},
}

@ARTICLE{CelSor96,
  author =   {Celeux, G. and Soromenho, G.}, 
  year =   {1996}, 
  title =   {An entropy criterion for assessing the number of clusters in a mixture model}, 
  journal =   {Journal of Classification}, 
  pages =   {195--212},  
  volume = {13}, 
  number =   {2}, 
}

@ARTICLE{Belaunzaran22,
  author = {Belaunzar\'an-Zamudio, P. F. and  Naranjo, L. and  Caro-Vega, Y. and  Castillo-Mancilla, J. R. and Camiro-Zu\~{n}iga, A. and   Fuentes-Garc\'ia, R. and  Crabtree-Ram\'irez, B. E. and Sierra-Madero, J. G.},  
  title = {Incomplete {ART} Adherence Is Associated with Lower {CD4}-{CD8} Ratio in Virally Suppressed Patients with {HIV}-infection in {M}exico}, 
  journal = {Submitted},
  year = {2021}, 
}
